@INPROCEEDINGS{chang:tinkrbook,
  author = "Angela Chang and Cynthia Breazeal",
  title = "{TinkRBook}: Shared Reading Interfaces for Storytelling",
  booktitle = "Proceedings of the 10th International Conference on Interaction Design and Children (IDC '11)",
  pages = "145-148",
  month = jun,
  year = 2011,
  organization = "ACM",
}

@article{flores:uruguay,
  author = "Pablo Flores and Juan Pablo Hourcade",
  title = "{UNDER DEVELOPMENT}: One year of experiences with {XO} laptops in {U}ruguay",
  journal = "interactions",
  issue_date = "July + August 2009",
  volume = 16,
  number = 4,
  month = jul,
  year = 2009,
  issn = "1072-5520",
  pages = "52--55",
  numpages = 4,
  url = "http://doi.acm.org/10.1145/1551986.1551997",
  doi = "10.1145/1551986.1551997",
  acmid = "1551997",
  publisher = "ACM",
  address = "New York, NY, USA",
} 

@article{idb:peru,
  author="{Inter-American Development Bank}",
  title="Experimental assessment of the program ``{O}ne {L}aptop {P}er {C}hild'' in {P}eru",
  journal="IDB Briefly Noted",
  number=5,
  month=jul,
  year=2010,
}

@article{bizzocchi:narrative,
  author="Jim Bizzocchi",
  title="Games and Narrative: An Analytical Framework",
  journal="Loading---the Journal of the Canadian Games Studies Association",
  volume=1,
  number=1,
  year=2007,
}

@book{boyd:stories,
  author = "Brian Boyd",
  title = "On the Origin of Stories: Evolution, Cognition, and Fiction",
  publisher = "Belknap Press of Harvard University Press",
  year = 2009,
}

@incollection{don:narrative,
  author="Abbe Don",
  title="Narrative and the interface",
  booktitle="The Art of Human-Computer Interface Design",
  editor="Brenda Laurel",
  address="Reading, MA",
  publisher="Addison-Wesley",
  pages="383--391",
  year=1990,
}

@book{laurel:computers,
  author="Brenda Laurel",
  title="Computers as Theatre",
  address="Reading, MA",
  publisher="Addison-Wesley",
  year=1991,
}

@article{lebowitz:universe,
  author="Michael Lebowitz",
  title="Creating characters in a story-telling universe",
  journal="Poetics",
  volume=13,
  number=3,
  pages={171--194},
  month=jun,
  year=1984,
  doi = "10.1016/0304-422X(84)90001-9",
  url = "http://dx.doi.org/10.1016/0304-422X(84)90001-9",
  issn = "0304-422X",
}

@article{powers:appleguide,
  author="John Powers",
  title="Giving Users Help with {A}pple {G}uide",
  journal="develop",
  number=18,
  month=jun,
  year=1994,
  note="Apple Computer, Inc.",
}
